@article{thorbecke2017,
  title={2D Finite-Difference Wavefield Modelling},
  author={Thorbecke, Jan},
  journal={Al{\i}nd{\i}{\u{g}}{\i} tarih},
  volume={1},
  pages={11-13},
  year={2012}
},

@book{langtangen2017finite,
  title={Finite difference computing with PDEs: a modern software approach},
  author={Langtangen, Hans Petter and Linge, Svein},
  volume={16},
  year={2017},
  publisher={Springer}
},

@article{virieux1986p,
  title={P-SV wave propagation in heterogeneous media; velocity-stress finite-difference method},
  author={Virieux, Jean},
  journal={Geophysics},
  volume={51},
  number={4},
  pages={889--901},
  year={1986},
  publisher={Society of Exploration Geophysicists}
},

%Staggered Grid Papers
@article{bansal2008finite,
  title={Finite-difference modelling of S-wave splitting in anisotropic media},
  author={Bansal, Reeshidev and Sen, Mrinal K},
  journal={Geophysical Prospecting},
  volume={56},
  number={3},
  pages={293--312},
  year={2008},
  publisher={European Association of Geoscientists \& Engineers}
},

@article{tarrass2011new,
  title={New curvilinear scheme for elastic wave propagation in presence of curved topography},
  author={Tarrass, Issam and Giraud, Luc and Thore, Pierre},
  journal={Geophysical Prospecting},
  volume={59},
  number={Modelling Methods for Geophysical Imaging: Trends and Perspectives},
  pages={889--906},
  year={2011},
  publisher={European Association of Geoscientists \& Engineers}
},

%VTI Papers
@article{xu2019modeling,
  title={Modeling 3D elastic VTI wave propagation using an optimal k-space operator-based temporal high-accuracy staggered-grid finite-difference scheme},
  author={Xu, Shigang and Liu, Yang},
  journal={Journal of Applied Geophysics},
  volume={170},
  pages={103847},
  year={2019},
  publisher={Elsevier}
},

@article{wang2018numerical,
  title={Numerical Simulation of Elastic Wave Equation and Analysis of Wave Field Characteristics in 2-D VTI Medium},
  author={Wang, Yong and Mu, Pengfei and Duan, Yanwen and Wang, Ting and others},
  journal={Open Journal of Yangtze Oil and Gas},
  volume={3},
  number={03},
  pages={153},
  year={2018},
  publisher={Scientific Research Publishing}
},

@article{bloot2013elastic,
  title={On the elastic wave equation in weakly anisotropic VTI media},
  author={Bloot, R and Schleicher, J and Santos, LT},
  journal={Geophysical Journal International},
  volume={192},
  number={3},
  pages={1144--1155},
  year={2013},
  publisher={Oxford University Press}
},

@article{weiss2013solving,
  title={Solving 3D anisotropic elastic wave equations on parallel GPU devices},
  author={Weiss, Robin M and Shragge, Jeffrey},
  journal={Geophysics},
  volume={78},
  number={2},
  pages={F7--F15},
  year={2013},
  publisher={Society of Exploration Geophysicists}
},

@article{yan2009elastic,
  title={Elastic wave-mode separation for VTI media},
  author={Yan, Jia and Sava, Paul},
  journal={Geophysics},
  volume={74},
  number={5},
  pages={WB19--WB32},
  year={2009},
  publisher={Society of Exploration Geophysicists}
},

@inproceedings{bube2016self,
  title={Self-adjoint, energy-conserving second-order pseudoacoustic systems for VTI and TTI media for reverse time migration and full-waveform inversion},
  author={Bube, Kenneth and Washbourne, John and Ergas, Raymond and Nemeth, Tamas and others},
  booktitle={2016 SEG International Exposition and Annual Meeting},
  year={2016},
  organization={Society of Exploration Geophysicists}
},

@article{louboutin2017full,
  title={Full-waveform inversion, Part 1: Forward modeling},
  author={Louboutin, Mathias and Witte, Philipp and Lange, Michael and Kukreja, Navjot and Luporini, Fabio and Gorman, Gerard and Herrmann, Felix J},
  journal={The Leading Edge},
  volume={36},
  number={12},
  pages={1033--1036},
  year={2017},
  publisher={Society of Exploration Geophysicists}
},

@article{FWI_part2,
  title={Full-waveform inversion, Part 2: Adjoint modeling},
  author={Louboutin, Mathias and Witte, Philipp and Lange, Michael and Kukreja, Navjot and Luporini, Fabio and Gorman, Gerard and Herrmann, Felix J},
  journal={The Leading Edge},
  volume={37},
  number={1},
  pages={69--72},
  year={2018},
  publisher={Society of Exploration Geophysicists}
},

@article{FWI_part3,
  title={Full-waveform inversion, part 3: Optimization},
  author={Witte, Philipp and Louboutin, Mathias and Lensink, Keegan and Lange, Michael and Kukreja, Navjot and Luporini, Fabio and Gorman, Gerard and Herrmann, Felix J},
  journal={The Leading Edge},
  volume={37},
  number={2},
  pages={142--145},
  year={2018},
  publisher={Society of Exploration Geophysicists}
},

@article{witte2019large,
  title={A large-scale framework for symbolic implementations of seismic inversion algorithms in Julia},
  author={Witte, Philipp A and Louboutin, Mathias and Kukreja, Navjot and Luporini, Fabio and Lange, Michael and Gorman, Gerard J and Herrmann, Felix J},
  journal={Geophysics},
  volume={84},
  number={3},
  pages={F57--F71},
  year={2019},
  publisher={Society of Exploration Geophysicists}
},

@article{kamath2017elastic,
  title={Elastic full-waveform inversion for VTI media: A synthetic parameterization study},
  author={Kamath, Nishant and Tsvankin, Ilya and D{\'\i}az, Esteban},
  journal={Geophysics},
  volume={82},
  number={5},
  pages={C163--C174},
  year={2017},
  publisher={Society of Exploration Geophysicists}
},

@article{kamath2016elastic,
  title={Elastic full-waveform inversion for VTI media: Methodology and sensitivity analysis},
  author={Kamath, Nishant and Tsvankin, Ilya},
  journal={Geophysics},
  volume={81},
  number={2},
  pages={C53--C68},
  year={2016},
  publisher={Society of Exploration Geophysicists}
},
%Devito Misc
@article{louboutin2020scaling,
  title={Scaling through abstractions--high-performance vectorial wave simulations for seismic inversion with Devito},
  author={Louboutin, Mathias and Luporini, Fabio and Witte, Philipp and Nelson, Rhodri and Bisbas, George and Thorbecke, Jan and Herrmann, Felix J and Gorman, Gerard},
  journal={arXiv preprint arXiv:2004.10519},
  year={2020}
},

@article{Louboutin2018devito,
  title={Devito: an embedded domain-specific language for finite differences and geophysical exploration},
  author={Mathias Louboutin and Michael Lange and Fabio Luporini and Navjot Kukreja and Philipp A. Witte and Felix J. Herrmann and Paulius Velesko and Gerard Gorman},
  journal={ArXiv},
  year={2018},
  volume={abs/1808.01995}
},

@article{luporini2018architecture,
  title={Architecture and performance of Devito, a system for automated stencil computation},
  author={Luporini, Fabio and Lange, Michael and Louboutin, Mathias and Kukreja, Navjot and H{\"u}ckelheim, Jan and Yount, Charles and Witte, Philipp and Kelly, Paul HJ and Gorman, Gerard J and Herrmann, Felix J},
  journal={arXiv preprint arXiv:1807.03032},
  year={2018}
},

@article{lange2017optimised,
  title={Optimised finite difference computation from symbolic equations},
  author={Lange, Michael and Kukreja, Navjot and Luporini, Fabio and Louboutin, Mathias and Yount, Charles and H{\"u}ckelheim, Jan and Gorman, Gerard J},
  journal={arXiv preprint arXiv:1707.03776},
  year={2017}
},

@article{louboutin2017performance,
  title={Performance prediction of finite-difference solvers for different computer architectures},
  author={Louboutin, Mathias and Lange, Michael and Herrmann, Felix J and Kukreja, Navjot and Gorman, Gerard},
  journal={Computers \& Geosciences},
  volume={105},
  pages={148--157},
  year={2017},
  publisher={Elsevier}
},

@inproceedings{kukreja2016devito,
  title={Devito: Automated fast finite difference computation},
  author={Kukreja, Navjot and Louboutin, Mathias and Vieira, Felippe and Luporini, Fabio and Lange, Michael and Gorman, Gerard},
  booktitle={2016 Sixth International Workshop on Domain-Specific Languages and High-Level Frameworks for High Performance Computing (WOLFHPC)},
  pages={11--19},
  year={2016},
  organization={IEEE}
},

@inproceedings{lange2016devito,
  title={Devito: towards a generic finite difference DSL using symbolic Python},
  author={Lange, Michael and Kukreja, Navjot and Louboutin, Mathias and Luporini, Fabio and Vieira, Felippe and Pandolfo, Vincenzo and Velesko, Paulius and Kazakas, Paulius and Gorman, Gerard},
  booktitle={2016 6th Workshop on Python for High-Performance and Scientific Computing (PyHPC)},
  pages={67--75},
  year={2016},
  organization={IEEE}
},
% MMS
@techreport{salari2000code,
  title={Code verification by the method of manufactured solutions},
  author={Salari, Kambiz and Knupp, Patrick},
  year={2000},
  institution={Sandia National Labs., Albuquerque, NM (US); Sandia National Labs~}
},

@inproceedings{ober2009method,
  title={Method of manufactured solutions for the acoustic wave equation},
  author={Ober, Curtis C and Collis, S Scott and van Bloemen Waander, Bart and Marcinkovich, Carey and others},
  booktitle={2009 SEG Annual Meeting},
  year={2009},
  organization={Society of Exploration Geophysicists}
}

